@article{ ron-xcpu,
    author = "Ron Minnich and Andrey Mirtchovski",
    title = "XCPU: a new, 9p-based, process management system for clusters and grids",
    journal = "Cluster Computing, 2006 IEEE International Conference on",
    pages = "1-10",
    year = "2006",
}

@inproceedings{ lucho-xcpu,
  author = "Latchesar Ionkov and Ron Minnich and Andrey Mirtchovski",
  title = "The XCPU Cluster Management Framework",
  journal = "First International Workshop on Plan9",
  year = "2006",
}

@inproceedings{mirage,
 author = {Reimer,, Darrell and Thomas,, Arun and Ammons,, Glenn and Mummert,, Todd and Alpern,, Bowen and Bala,, Vasanth},
 title = {Opening black boxes: using semantic information to combat virtual machine image sprawl},
 booktitle = {VEE '08: Proceedings of the fourth ACM SIGPLAN/SIGOPS international conference on Virtual execution environments},
 year = {2008},
 isbn = {978-1-59593-796-4},
 pages = {111--120},
 location = {Seattle, WA, USA},
 doi = {http://doi.acm.org/10.1145/1346256.1346272},
 publisher = {ACM},
 address = {New York, NY, USA},
 }



@INPROCEEDINGS{ bproc,
 title={Life with Ed: a case study of a linux BIOS/BProc cluster}, 
 author={Sung-Eun Choi and Hendriks, E.A. and Minnich, R.G. and Sottile, M.J. and Marks, A.J.}, 
 journal={High Performance Computing Systems and Applications, 2002. Proceedings. 16th Annual International Symposium on}, 
 year={2002}, 
 month={}, 
 volume={}, 
 number={}, 
 pages={33-39}, 
 doi={}, 
 ISSN={} 
}

@article{ pike95plan,
    author = "Rob Pike and Dave Presotto and Sean Dorward and Bob Flandrena
and Ken Thompson and Howard Trickey and Phil Winterbottom",
    title = "{Plan 9} from {Bell Labs}",
    journal = "Computing Systems",
    volume = "8",
    number = "3",
    month = "Summer",
    pages = "221--254",
    year = "1995",
    url = "citeseer.ist.psu.edu/article/pike90plan.html" 
}

@article{namespace,
 author = {Pike,, Rob and Presotto,, Dave and Thompson,, Ken and Trickey,, Howard and Winterbottom,, Phil},
 title = {The use of name spaces in Plan 9},
 journal = {SIGOPS Oper. Syst. Rev.},
 volume = {27},
 number = {2},
 year = {1993},
 issn = {0163-5980},
 pages = {72--76},
 doi = {http://doi.acm.org/10.1145/155848.155861},
 publisher = {ACM},
 address = {New York, NY, USA},
 }

@inproceedings{ linuxns,
	author = "Biederman, Eric",
	title = "Multiple Instances of the Global Linux Namespaces",
	journal = "Proceedings of the Ottawa Linux Symposium",
	year = {2006},
	pages = {101--112},
}

@article{ 9p,
  title = "Introduction to the 9p protocol",
  journal = "Plan 9 Programmer's Manual",
  address = "AT\&T Bell Laboratories, Murray Hill, NJ",
  volume = 3,
  year = 2000,
}

@article{ plan9-cpu,
  title = "Cpu man page",
  journal = "Plan 9 Programmer's Manual",
  address = "AT\&T Bell Laboratories, Murray Hill, NJ",
}

@misc{ minnich-vfs,
  author = "Ron Minnich",
  title = "V9FS: A Private Name Space system for Unix and its uses for Distributed and Cluster Computing",
  url = "citeseer.ist.psu.edu/minnich99vfs.html" }

@inproceedings{ v9fseric,
  author = "Eric Van Hensbergen and Latchesar Ionkov",
  title = "The V9FS Project",
  address = "http://v9fs.sourceforge.net",
}

@INPROCEEDINGS{graverobbers,
    author = {Eric Van Hensbergen and Ron Minnich},
    title = {Grave Robbers from Outer Space Using 9P2000 under Linux},
    booktitle = {In Freenix Annual Conference},
    year = {2005},
    pages = {83--94}
}

@inproceedings{ coreboot,
  title = "The coreboot project",
  address = "http://coreboot.org",
}

@misc{rfc4252,
  author="T. Ylonen and C. Lonvick",
  title="{The Secure Shell (SSH) Authentication Protocol}",
  series="Request for Comments",
  number="4252",
  howpublished="RFC 4252 (Proposed Standard)",
  publisher="IETF",
  organisation="Internet Engineering Task Force",
  year=2006,
  month=jan,
    url="http://www.ietf.org/rfc/rfc4252.txt",
}

@misc{zeroconf,
  author="S. Cheshire and B. Aboba and E. Guttman",
  title="{Dynamic Configuration of IPv4 Link-Local Addresses}",
  series="Request for Comments",
  number="3927",
  howpublished="RFC 3927 (Standards Track)",
  publisher="IETF",
  organisation="Internet Engineering Task Force",
  year=2005,
  month=may,
    url="http://www.ietf.org/rfc/rfc3927.txt",
}

@inproceedings{blutopia,
  author    = {Fabio Oliveira and Gorka Guardiola and Jay A. Patel and Eric Van Hensbergen},
  title     = {Blutopia: Stackable storage for cluster management},
  booktitle = {CLUSTER},
  year      = {2007},
  pages     = {293-302},
  ee        = {http://dx.doi.org/10.1109/CLUSTR.2007.4629243},
}

@inproceedings{roadrunner,
 author = {Barker,, Kevin J. and Davis,, Kei and Hoisie,, Adolfy and
 Kerbyson,, Darren J. and Lang,, Mike and Pakin,, Scott and Sancho,, Jose C.},
 title = {Entering the petaflop era: the architecture and performance of
 Roadrunner},
 booktitle = {SC `08: Proceedings of the 2008 ACM/IEEE conference on
 Supercomputing},
 year = {2008},
 isbn = {978-1-4244-2835-9},
 pages = {1--11},
 location = {Austin, Texas},
 doi = {http://doi.acm.org/10.1145/1413370.1413372},
 publisher = {IEEE Press},
 address = {Piscataway, NJ, USA},
}

@inproceedings{gpfs,
 author = {Schmuck, Frank   and Haskin, Roger  },
 booktitle = {Proc. of the First Conference on File and Storage Technologies (FAST)},
 month = {January},
 pages = {231--244},
 title = {GPFS: A Shared-Disk File System for Large Computing Clusters},
 year = {2002}
}

@misc{ ibm-cell,
  author = "IBM",
  title = "Cell Broadband Engine Architecture, Version 1.0",
  year = 2005
}

@inproceedings{xget,
 author = {Greenberg, Hugh and Ionkov, Latchesar and Minnich, Ron  },
 booktitle = {LCI 2009 Proceedings of the 10th LCI International Conference on High-Performance Clustered Computing},
 month = {March},
 title = {XGet: A Highly Scalable and Efficient File Transfer Tool for Clusters},
 year = {2009}
}

@article{binfmt,
 author = {Rubini,, Alessandro},
 title = {Kernel Korner},
 journal = {Linux Journal},
 issn = {1075-3583},
 pages = {25},
 publisher = {Specialized Systems Consultants, Inc.},
 address = {Seattle, WA, USA},
 }

@article{prose,
 author = {Van Hensbergen, Eric},
 title = {{P.R.O.S.E.}: partitioned reliable operating system environment},
 journal = {SIGOPS Operating Systems Review},
 volume = {40},
 number = {2},
 year = {2006},
 issn = {0163-5980},
 pages = {12--15},
 doi = {http://doi.acm.org/10.1145/1131322.1131329},
 publisher = {ACM},
 address = {New York, NY, USA},
}

@inproceedings{libra,
 author = {Ammons,, Glenn and Appavoo,, Jonathan and Butrico,, Maria and Da Silva,, Dilma and Grove,, David and Kawachiya,, Kiyokuni and Krieger,, Orran and Rosenburg,, Bryan and Van Hensbergen,, Eric and Wisniewski,, Robert W.},
 title = {Libra: a library operating system for a jvm in a virtualized execution environment},
 booktitle = {VEE '07: Proceedings of the 3rd international conference on Virtual execution environments},
 year = {2007},
 isbn = {978-1-59593-630-1},
 pages = {44--54},
 location = {San Diego, California, USA},
 doi = {http://doi.acm.org/10.1145/1254810.1254817},
 publisher = {ACM},
 address = {New York, NY, USA},
 }

@article{cellfs,
	author = {Ionkov, Lucho and Nyrinen, Aki and Mirtchovski, Andrey},
	title ={{CellFS}: Taking {DMA} out of cell programming.},
	booktitle ={http://www.xcpu.org/cellfs-talk.pdf},
}

@article{bgp,
	author = {{IBM Blue Gene Team}},
	title = {Overview of the {IBM} {BlueGene/P} Project},
	year = {2008},
	booktitle = {{IBM} Journal of Research and Development},
}
	
@article{cuda,
	author = {Nickolls, J and Buck I},
	title = {{NVIDIA CUDA} software and {GPU} parallel computing architecture},
	year = {2007},
	booktitle = {Microprocessor Forum},
}

@article{push,
	author = {Evans, Noah and Van Hensbergen, Eric},
	title = {Push: a {DISC} shell},
	year = {2009},
	booktitle = {Submitted to Principles of Distributed Computing Conference},
}


@misc{ ec2,
  title = "Amazon Elastic Compute Cloud",
  url = "http://aws.amazon.com" }

@misc{ azure,
  title = "Microsoft Azure Services Platform",
  url = "http://www.microsoft.com/azure" }

@misc{ appengine,
  title = "Google App Engine",
  url = "http://appengine.google.com" }
